75600000         212760233000171                    03009000000002992940LADDER TECNOLOGIA LTDA ME     BANCO COOPERATIVO DO BRASIL SA          12812201818194300000108100000                                                                     
75600011R01  040 2012760233000171                    03009000000002992940LADDER TECNOLOGIA LTDA ME                                                                                     000001012812201800000000                                 
7560001300001P 0103009000000002992940000000001401014     10 2229             3112201800000000000650000000 02N2812201800000000000000000000000000000000000000000000000000000000000000000000000000000030-1                     3000   090000000000 
7560001300002Q 012027116318002302MITRA DIOCESANA DE SAO MATEUS           RUA VITOR TREVIZANI, 45                 CENTRO         29785000VILA VALERIO   ES2012760233000171LADDER TECNOLOGIA LTDA ME               000                            
75600015         00000400000000000000000000000000000000000000000000000000000000000000000000000000000000000000000000                                                                                                                             
75699999         000001000014000000