75600000         212760233000171                    03009000000002992940LADDER TECNOLOGIA LTDA ME - MESICOOB                                  20801201918090400000108500000                                                                     
75600011T01  043 2012760233000171          300900000603009000000002992940LADDER TECNOLOGIA LTDA ME - ME                                                                                000000000801201900000000                                 
7560001300001T 0203009000000002992940000000002101014     130             0701201900000000000100075603009030-1                     091000007630273320FABIO THOMAZ                            000000000000000000000000000000000A4                 
7560001300002U 020000000000000000000000000000000000000000000000000000000000000000000000000000000000000000000000000000000000000000000000000701201900000000    00000000000000000000000                              75600000000000000000000       
75600015         00000400000100000000000001000000000000000000000000000000000000000000000000000000000000000000000000                                                                                                                             
75699999         000001000006000000                                                                                                                                                                                                             
