01REMESSA01COBRANCA       36800743328001300359COLEGIO DECISAO SC LIMITADA   033SANTANDER      2405160000000000000000                                                                                                                                                                                                                                                                                   000000001
1025313119900015336800743328001300359                         00415189000000 40200000000000000000    000000501000004151815051600000000180000330000006N120516000000000000000060000000000000000000000000000000000000000000000100003855291713SUELY GASPAR SILVA                      RUA VICENTE PEREIRA DE ASSUNCAO 55 APTO VILA CONSTAN04658000SAO PAULO      SP                               I37      00 000002
1025313119900015336800743328001300359                         00415170000000 40200000000000000000    000000501000004151713051600000000132690330000006N120516000000000000000040000000000000000000000000000000000000000000000100031487709862CLAUDIA MARIA GUSMAN DE CUNTO           RUA VICENTE PEREIRA DE ASSUNCAO 55 BLO 6VILA CONSTAN04658000SAO PAULO      SP                               I37      00 000003
1025313119900015336800743328001300359                         00415090000000 40200000000000000000    000000501000004150913051600000000162800330000006N120516000000000000000050000000000000000000000000000000000000000000000100004500120858SORAYA VIEIRA DO PRADO                  RUA WILSON VALLIM 67 APTO 23            VILA SAO PAU04651150SAO PAULO      SP                               I37      00 000004
9000005000000004754900000000000000000000000000000000000000000000000000000000000000000000000000000000000000000000000000000000000000000000000000000000000000000000000000000000000000000000000000000000000000000000000000000000000000000000000000000000000000000000000000000000000000000000000000000000000000000000000000000000000000000000000000000000000000000000000000000000000000000000000000000000000000000005
